% This file was created with Citavi 6.12.0.0

@misc{angular.17.01.2023,
 author = {Angular},
 year = {2023},
 title = {Angular},
 url = {https://angular.io/},
 urldate = {20.01.2023}
}


@misc{Primeng.20.01.2023,
 author = {PrimeTek},
 year = {2023},
 title = {PrimeNG Setup},
 url = {https://www.primefaces.org/primeng/setup},
 urldate = {20.01.2023}
}


